% This file was created with JabRef 2.10b2.
% Encoding: UTF-8


@Book{becker2011advanced,
  Title                    = {An advanced NURBS fitting procedure for post-processing of grid-based shape optimizations},
  Author                   = {Becker, Gerrit and Sch{\"a}fer, Michael and Jameson, Antony},
  Year                     = {2011},

  Booktitle                = {49 th AIAA Aerospace Sciences Meeting Including the New Horizons Forum and Aerospace Exposition, January 4, 2011- January 7, 2011}
}

@Book{bendsoe2003topology,
  Title                    = {Topology Optimization: Theory, Methods and Applications},
  Author                   = {Bends{\o}e, Martin Philip and Sigmund, Ole},
  Publisher                = {Springer Science \& Business Media},
  Year                     = {2003},

  Doi                      = {10.1007/978-3-662-05086-6},
  ISBN                     = {978-3-662-05086-6}
}

@inproceedings{Puppo2010,
  title={Practical quad mesh simplification},
  author={Tarini, Marco and Pietroni, Nico and Cignoni, Paolo and Panozzo, Daniele and Puppo, Enrico},
  booktitle={Computer Graphics Forum},
  volume={29},
  number={2},
  pages={407--418},
  year={2010},
  organization={Wiley Online Library}
}


@Book{eck1996automatic,
  Title                    = {Automatic reconstruction of B-spline surfaces of arbitrary topological type},
  Author                   = {Eck, Matthias and Hoppe, Hugues},
  Year                     = {1996},

  Booktitle                = {Proceedings of the 23rd annual conference on Computer graphics and interactive techniques},
  Organization             = {ACM},
  Pages                    = {325--334}
}

@article{Hermite2002,
  title={Dual contouring of hermite data},
  author={Ju, Tao and Losasso, Frank and Schaefer, Scott and Warren, Joe},
  journal={ACM Transactions on Graphics (TOG)},
  volume={21},
  number={3},
  pages={339--346},
  year={2002},
  publisher={ACM}
}

@article{Marching2006,
  title={A survey of the marching cubes algorithm},
  author={Newman, Timothy S and Yi, Hong},
  journal={Computers \& Graphics},
  volume={30},
  number={5},
  pages={854--879},
  year={2006},
  publisher={Elsevier}
}

@article{ExtendedMC,
  title={Feature Sensitive Surface Extraction from Volume Data},
  author={Schwanecke, Ulrich and Botsch,Mario},
  journal={Proceedings of the 28th annual conference on Computer graphics and interactive techniques},
  number={121},
  pages={57-66 },
  year={2001},
  publisher={AMC}
}





@Book{farin2002handbook,
  Title                    = {Handbook of Computer Aided Geometric Design},
  Author                   = {Farin, G.E. and Hoschek, J. and Kim, M.S.},
  Publisher                = {Elsevier},
  Year                     = {2002},

  ISBN                     = {9780444511041},
  Lccn                     = {2002069649},
  Url                      = {https://books.google.de/books?id=0SV5G8fgxLoC}
}

@Book{farin1999nurbs,
  Title                    = {NURBS: from projective geometry to practical use},
  Author                   = {Farin, Gerald E},
  Publisher                = {AK Peters, Ltd.},
  Year                     = {1999}
}

@Misc{FreeCAD,
  Title                    = {FreeCAD},

  Author                   = {FreeCAD},
  HowPublished             = {\url{http://www.freecadweb.org/}},
  Note                     = {lastly accessed on 27/08/2015},
  Year                     = {2009}
}

@Misc{CVMLCPP,
  Title                    = {CVMLCPP - Common Versatile Multi-purpose Library for C++},

  Author                   = {CUI - University of Geneva},
  HowPublished             = {\url{http://tech.unige.ch/cvmlcpp/}},
  Note                     = {lastly accessed on 27/08/2015},
  Year                     = {2011}
}

@MastersThesis{Hunter2009,
  Title                    = {{Predominantly solid-void three-dimensional topology optimisation using open source software}},
  Author                   = {Hunter, William},
  School                   = {Stellenbosch University},
  Year                     = {2009},

  File                     = {:home/friedrich/Documents/Papers/Hunter/Hunter - 2009 - Predominantly solid-void three-dimensional topology optimisation using open source software.pdf:pdf}
}

@Misc{ToPy,
  Title                    = {ToPy - 2D and 3D topology optimization using python},

  Author                   = {Hunter, William},
  HowPublished             = {\url{http://www.freecadweb.org/}},
  Note                     = {lastly accessed on 21/08/2015},
  Year                     = {2009}
}

@Article{STL,
  Title                    = {Interface between CAD and Rapid Prototyping systems. Part 1: A study of existing interfaces},
  Author                   = {Kai, ChuaChee and Jacob, GanG.K. and Mei, Tong},
  Journal                  = {The International Journal of Advanced Manufacturing Technology},
  Year                     = {1997},
  Number                   = {8},
  Pages                    = {566-570},
  Volume                   = {13},

  Doi                      = {10.1007/BF01176300},
  ISSN                     = {0268-3768},
  Keywords                 = {Computer-aided design (CAD); Computer-aided manufacture (CAM); Data exchange; Rapid prototyping},
  Language                 = {English},
  Publisher                = {Springer-Verlag},
  Url                      = {http://dx.doi.org/10.1007/BF01176300}
}

@Misc{Paraview,
  Title                    = {Paraview},

  Author                   = {Kitware},
  HowPublished             = {\url{http://www.paraview.org/}},
  Year                     = {2015}
}

@Misc{VTKToolbox,
  Title                    = {VTK},

  Author                   = {Kitware},
  HowPublished             = {\url{http://www.vtk.org/}},
  Year                     = {2015}
}

@Book{lorentz2012bernstein,
  Title                    = {Bernstein Polynomials},
  Author                   = {Lorentz, G.G.},
  Publisher                = {American Mathematical Society},
  Year                     = {2012},
  Series                   = {AMS Chelsea Publishing},

  ISBN                     = {9780821875582},
  Url                      = {https://books.google.de/books?id=QG4D4I7GYKUC}
}

@Book{MATLAB,
  Title                    = {version 8.5.0 (R2015a)},
  Author                   = {MATLAB},
  Publisher                = {The MathWorks Inc.},
  Year                     = {2015},

  Address                  = {Natick, Massachusetts}
}

@Misc{Pysparse,
  Title                    = {Pysparse},

  Author                   = {Pysparse},
  HowPublished             = {\url{http://pysparse.sourceforge.net/}},
  Note                     = {lastly accessed on 27/08/2015},
  Year                     = {2008-2011}
}

@article{Dong2005,
  title={Harmonic functions for quadrilateral remeshing of arbitrary manifolds},
  author={Dong, Shen and Kircher, Scott and Garland, Michael},
  journal={Computer aided geometric design},
  volume={22},
  number={5},
  pages={392--423},
  year={2005},
  publisher={Elsevier}
}


@Misc{OpenCascade,
  Title                    = {Open CASCADE},

  Author                   = {OPEN CASCADE S.A.S.},
  HowPublished             = {\url{http://www.opencascade.org/}},
  Note                     = {lastly accessed on 27/08/2015},
  Year                     = {2015}
}

@Book{sarcarCAD,
  Title                    = {Computer aided design and manufacturing},
  Author                   = {SARCAR, MMM and Rao, K Mallikarjuna and Narayan, K Lalit},
  Publisher                = {PHI Learning Pvt. Ltd.},
  Year                     = {2008}
}

@Misc{Numpy,
  Title                    = {Numpy},

  Author                   = {Scipy.org},
  HowPublished             = {\url{http://www.numpy.org/}},
  Note                     = {lastly accessed on 27/08/2015},
  Year                     = {2013}
}

@Article{sigmund200199,
  Title                    = {A 99 line topology optimization code written in Matlab},
  Author                   = {Sigmund, Ole},
  Journal                  = {Structural and Multidisciplinary Optimization},
  Year                     = {2001},
  Number                   = {2},
  Pages                    = {120--127},
  Volume                   = {21},

  Publisher                = {Springer}
}

@misc{WikipediaCSG,
   author = "Wikipedia",
   title = "Constructive solid geometry --- Wikipedia{,} The Free Encyclopedia",
   year = "2015",
   HowPublished = "\url{https://en.wikipedia.org/w/index.php?title=Constructive_solid_geometry&oldid=674883510}",
   note = "[Online; accessed 31-August-2015]",


  Key                      = {WikipediaCSG},
  Owner                    = {severin},
  Timestamp                = {2015.08.29}
}

