
@BOOK{latex,
  title = {LaTeX : A Documentation Preparation System User's Guide and Reference Manual},
  publisher = {Addison-Wesley Professional},
  year = {1994},
  author = {Leslie Lamport}
}


%% TOPY Ref
@mastersthesis{Hunter2009,
author = {Hunter, William},
file = {:home/friedrich/Documents/Papers/Hunter/Hunter - 2009 - Predominantly solid-void three-dimensional topology optimisation using open source software.pdf:pdf},
title = {{Predominantly solid-void three-dimensional topology optimisation using open source software}},
school = {Stellenbosch University},
year = {2009}
}

@misc{ToPy,
    author    = {Hunter, William},
    title     = {ToPy - 2D and 3D topology optimization using python},
    howpublished = {\url{https://code.google.com/p/topy/}},
    year     = {2009},
    note = {lastly accessed on 21/08/2015}
}
%%